
@TechReport{laney013ddata,
  author = 	 {Doug Laney},
  title = 	 {{3D Data Management: Controlling Data Volume, Velocity, and Variety}},
  institution =  {Gartner},
  year = 	 {2001},
  url={http://blogs.gartner.com/doug-laney/files/2012/01/ad949-3D-Data-Management-Data-Volume-Velocity-and-Variety.pdf}
}

